@article{sachin2007sandhi,
  title={Sandhi Splitter and Analyzer for Sanskrit (with reference to ac Sandhi)},
  author={Sachin, Kumar},
  journal={M. {P}hil. degree at {SCSS, JNU} (submitted, 2007)},
  year={2007}
}

@Inbook{Kumar2010a,
author="Kumar, Anil
and Mittal, Vipul
and Kulkarni, Amba",
editor="Jha, Girish Nath",
title="Sanskrit Compound Processor",
bookTitle="Sanskrit Computational Linguistics: 4th International Symposium, New Delhi, India, December 10-12, 2010. Proceedings",
year="2010",
publisher="Springer Berlin Heidelberg",
address="Berlin, Heidelberg",
pages="57--69",
}

@inproceedings{goyal2013completeness,
  title={Completeness analysis of a Sanskrit reader},
  author={Goyal, Pawan and Huet, G{\'e}rard},
  booktitle={International Symposium on Sanskrit Computational Linguistics},
  pages={130--171},
  year={2013}
}

@online{ss,
  author = {ILTP-DC},
  title = {Sandhi-Splitter},
  year = 2008,
  url = {\url{http://tdil-dc.in/san/sandhi_splitter/index_dit.html}},
  urldate = {Accessed: 2016-09-27}
}


@inproceedings{bharati2007,
    title={Sanskrit and computational linguistics},
    author={Bharati, Akshar and Kulkarni, Amba},
    booktitle={First International Sanskrit Computational Symposium. Department of Sanskrit Studies, University of Hyderabad},
    year={2007}
}


@inproceedings{huet2003,
	title={Towards computational processing of Sanskrit},
	author={Huet, G{\'e}rard},
	booktitle={International Conference on Natural Language Processing (ICON)},
	year={2003},
	organization={Citeseer}
}

@inproceedings{bharati2006building,
	title={Building a wide coverage Sanskrit Morphological Analyser: A practical approach},
	author={Bharati, Akshar and Kulkarni, Amba P and Sheeba, V},
	booktitle={The First National Symposium on Modelling and Shallow Parsing of Indian Languages, IIT-Bombay},
	year={2006}
}

@Inbook{Gillon2009,
	author="Gillon, Brendan S.",
	editor="Kulkarni, Amba
	and Huet, G{\'e}rard",
	title="Tagging Classical Sanskrit Compounds",
	bookTitle="Sanskrit Computational Linguistics: Third International Symposium, Hyderabad, India, January 15-17, 2009. Proceedings",
	year="2009",
	publisher="Springer Berlin Heidelberg",
	address="Berlin, Heidelberg",
	pages="98--105",
	isbn="978-3-540-93885-9",
	doi="10.1007/978-3-540-93885-9_8",
	url="http://dx.doi.org/10.1007/978-3-540-93885-9_8"
}

@article{kulkarni2009sanskrit,
	title={Sanskrit morphological analyser: Some issues},
	author={Kulkarni, Amba and Shukl, Devanand},
	journal={Indian Linguistics},
	volume={70},
	number={1-4},
	pages={169--177},
	year={2009}
}